@TechReport{pblas,
  author =       "J. Choi and J. Dongarra and S. Ostrouchov and A.
                 Petitet and D. Walker and R. C. Whaley",
  title =        "A Proposal for a Set of Parallel Basic Linear Algebra
                 Subprograms",
  type =         "LAPACK Working Note",
  number =       "100",
  institution =  inst-UTK-CS,
  address =      inst-UTK-CS:adr,
  month =        may,
  year =         "1995",
  bibdate =      "Fri Apr 22 17:06:37 2005",
  bibsource =    "http://www.math.utah.edu/pub/bibnet/authors/d/dongarra-jack-j.bib",
  note =         "LAPACK Working Note \#100. UT-CS-95-292, May 1995.",
  URL =          "http://www.netlib.org/lapack/lawns/lawn100.ps;
                 http://www.netlib.org/lapack/lawnspdf/lawn100.pdf;
                 http://www.netlib.org/utk/papers/pblas.ps;
                 http://www.netlib.org/utk/papers/pblas/pblas.html;
                 http://www.netlib.org/utk/people/JackDongarra/pdf/pblas.pdf",
  acknowledgement = ack-nhfb,
}

@InProceedings{scalapack,
  author =       "J. Choi and J. J. Dongarra and R. Pozo and D. W.
                 Walker",
  title =        "{ScaLAPACK}: a Scalable Linear Algebra Library for
                 Distributed Memory Concurrent Computers",
  crossref =     "Siegel:1992:FSF",
  pages =        "120--127",
  year =         "1992",
  bibdate =      "Tue Feb 26 10:10:44 2002",
  bibsource =    "http://www.math.utah.edu/pub/bibnet/authors/d/dongarra-jack-j.bib",
  acknowledgement = ack-nhfb,
}

@article{Angeli_1997,
	doi = {10.1007/s002140050278},
	url = {https://doi.org/10.1007%2Fs002140050278},
	year = 1997,
	month = {oct},
	publisher = {Springer Nature},
	volume = {98},
	number = {1},
	pages = {57--63},
	author = {Celestino Angeli and Renzo Cimiraglia and Maurizio Persico and Alessandro Toniolo},
	title = {Multireference perturbation {CI} I. Extrapolation procedures with {CAS} or selected zero-order spaces},
	journal = {Theoretical Chemistry Accounts: Theory, Computation, and Modeling (Theoretica Chimica Acta)}
}
